@Article{feeney_association_2019-1,
  title = {Association of {{Primary Language}} with {{Outcomes After Operations Typically Performed}} to {{Treat Cancer}}: {{Analysis}} of a {{Statewide Database}}},
  author = {Timothy Feeney and Michael Cassidy and Yorghos Tripodis and David McAneny and Maureen Kavanah and Teviah Sachs and Jennifer F. Tseng and Frederick Thurston Drake},
  year = {2019},
  month = {sep},
  volume = {26},
  pages = {2684--2693},
  issn = {1068-9265, 1534-4681},
  doi = {10.1245/s10434-019-07484-8},
  journal = {Annals of Surgical Oncology},
  language = {en},
  ids = {feeney\_association\_2019-1},
  shorttitle = {Association of {{Primary Language}} with {{Outcomes After Operations Typically Performed}} to {{Treat Cancer}}},
  number = {9},
  date = {2019-01-01},
}
