@Article{feeney_association_2019,
  title = {The {{Association}} of {{Primary Language With Emergency General Surgery Outcomes Using}} a {{Statewide Database}}},
  author = {Timothy Feeney and Sabrina Elena Sanchez and Yorghos Tripodis and Tejal Sudhirkumar Brahmbhatt and Robert Schulze and Peter Burke and Tracey Dechert and Frederick Thurston Drake},
  year = {2019},
  month = {dec},
  volume = {244},
  pages = {484--491},
  issn = {00224804},
  doi = {10.1016/j.jss.2019.06.082},
  journal = {Journal of Surgical Research},
  language = {en},
  note = {ZSCC: 0000000},
  date = {2019-01-01},
}
