@Article{feeney_evaluation_2019,
  title = {Evaluation of Incidental Adrenal Masses at a Tertiary Referral and Trauma Center},
  author = {Timothy Feeney and Stephanie Talutis and Megan Janeway and Praveen Sridhar and Avneesh Gupta and Philip E. Knapp and James Moses and David McAneny and Frederick Thurston Drake},
  year = {2019},
  month = {oct},
  issn = {00396060},
  doi = {10.1016/j.surg.2019.07.034},
  journal = {Surgery},
  language = {en},
  date = {2019-01-01},
}
