
@book{stokes_categorical_2012,
  title = {Categorical Data Analysis Using {{SAS}}},
  author = {Stokes, Maura Ellen and Davis, Charles S and Koch, Gary G},
  date = {2012},
  edition = {3},
  publisher = {{SAS Instute}},
  location = {{Cary, N.C.}},
  abstract = {The 2x2 table -- Sets of 2x2 tables -- 2 x r and s x 2 tables -- The s x r tables -- Sets of s x r tables -- Nonparametric methods -- Logistic regression I : dichotomous response -- Logistic regression II : polytomous response -- Conditional logistic regression -- Quantal response data analysis -- Poisson regression and related loglinear models -- Categorized time-to-event data -- Weighted least squares -- Generalized estimating equations.},
  isbn = {978-1-60764-664-8 978-1-61290-090-2},
  langid = {english},
  annotation = {OCLC: 1047854035}
}


