@Article{drake_laparoscopic_2018,
  title = {Laparoscopic Adrenalectomy for Metastatic Disease: {{Retrospective}} Cohort with Long-Term, Comprehensive Follow-Up},
  shorttitle = {Laparoscopic Adrenalectomy for Metastatic Disease},
  author = {Frederick Thurston Drake and Toni Beninato and Maggie X. Xiong and Nirav V. Shah and Wouter P. Kluijfhout and Timothy Feeney and Insoo Suh and Jessica E. Gosnell and Wen T. Shen and Quan-Yang Duh},
  year = {2018},
  month = {dec},
  issn = {00396060},
  doi = {10.1016/j.surg.2018.11.008},
  file = {/Users/timf/Zotero/storage/QH2Q5HXL/10.1016@j.surg.2018.11.008.pdf},
  journal = {Surgery},
  language = {en},
  note = {ZSCC: NoCitationData[s1]},
  date = {2018-01-01},
}
