@Article{feeney_association_2019-1,
  title = {Association of {{Primary Language}} with {{Outcomes After Operations Typically Performed}} to {{Treat Cancer}}: {{Analysis}} of a {{Statewide Database}}},
  issn = {1068-9265, 1534-4681},
  language = {en},
  journal = {Annals of Surgical Oncology},
  doi = {10.1245/s10434-019-07484-8},
  author = {Timothy Feeney and Michael Cassidy and Yorghos Tripodis and David McAneny and Maureen Kavanah and Teviah Sachs and Jennifer F. Tseng and Frederick Thurston Drake},
  month = {jun},
  year = {2019},
  file = {/Users/timf/Zotero/storage/QD68LX5F/10.1245@s10434-019-07484-8.pdf},
  note = {ZSCC: NoCitationData[s0]},
  shorttitle = {Association of {{Primary Language}} with {{Outcomes After Operations Typically Performed}} to {{Treat Cancer}}},
  date = {2019-01-01},
}
