@InProceedings{labella_comprehensive_2011,
  title = {Comprehensive Bioinformatic Analysis of Urea Cycle Gene Transcription Regulation Using Cis-Element over Representation ({{CLOVER}}) Software and Patient Sequences to Identify Disease Causing Mutations},
  author = {Abigail Leavitt LaBella and Timothy Feeney and Sandra Kirsch Heibel and Mendel Tuchman and Ljubica Caldovic},
  year = {2011},
  note = {ZSCC: NoCitationData[s0]},
  volume = {102},
  pages = {297--297},
  keywords = {â›” No DOI found},
  booktitle = {Molecular {{Genetics}} and {{Metabolism}}},
  date = {2011-01-01},
}
