@Article{castillo-angeles_transferred_2019,
  title = {Transferred {{Emergency General Surgery Patients Are}} at {{Increased Risk}} of {{Death}}: {{A NSQIP Propensity Score Matched Analysis}}},
  shorttitle = {Transferred {{Emergency General Surgery Patients Are}} at {{Increased Risk}} of {{Death}}},
  author = {Manuel Castillo-Angeles and Tarsicio Uribe-Leitz and Molly Jarman and Ginger Jin and Timothy Feeney and Ali Salim and Joaquim M. Havens},
  year = {2019},
  month = {jan},
  issn = {10727515},
  doi = {10.1016/j.jamcollsurg.2019.01.014},
  file = {/Users/timf/Zotero/storage/FF5IL48P/10.1016@j.jamcollsurg.2019.01.014.pdf},
  journal = {Journal of the American College of Surgeons},
  language = {en},
  note = {ZSCC: 0000002},
  date = {2019-01-01},
}
