@Article{feeney_evaluation_2019,
  title = {Evaluation of Incidental Adrenal Masses at a Tertiary Referral and Trauma Center},
  issn = {00396060},
  language = {en},
  journal = {Surgery},
  doi = {10.1016/j.surg.2019.07.034},
  author = {Timothy Feeney and Stephanie Talutis and Megan Janeway and Praveen Sridhar and Avneesh Gupta and Philip E. Knapp and James Moses and David McAneny and Frederick Thurston Drake},
  month = {oct},
  year = {2019},
  file = {/Users/timf/Zotero/storage/3IGD6PXW/Feeney et al. - 2019 - Evaluation of incidental adrenal masses at a terti.pdf},
  date = {2019-01-01},
}
